@misc{AES,
  key          = {AES},
  title        = {{Advanced} {Encryption} {Standard} ({AES})},
  year         = 2001,
  month        = nov,
  howpublished = {National Institute of Standards and Technology,
                  {NIST FIPS PUB} 197, {U.S.} Department of Commerce}
}